<?xml version="1.0" encoding="UTF-8"?><collection xmlns="http://www.loc.gov/MARC21/slim"><record><leader>00403nam--2200169-u-4500</leader><controlfield tag="001">000052095</controlfield><controlfield tag="002">20161230</controlfield><controlfield tag="005">20170119001508</controlfield><controlfield tag="008">090703s1000------------r-----000-0-eng-d</controlfield><datafield ind1=" " ind2=" " tag="040"><subfield code="a">IFIN-HH</subfield></datafield><datafield ind1=" " ind2=" " tag="080"><subfield code="a">519.81</subfield></datafield><datafield ind1="1" ind2=" " tag="100"><subfield code="a">Mikhlin, S. G</subfield></datafield><datafield ind1="1" ind2=" " tag="245"><subfield code="a">Nekotorye Voprosy Teorii Pogreshnostei</subfield></datafield><datafield ind1=" " ind2=" " tag="260"><subfield code="a">Leningrad</subfield><subfield code="c">1988</subfield></datafield><datafield ind1=" " ind2=" " tag="300"><subfield code="a">332 p</subfield></datafield><datafield ind1=" " ind2=" " tag="852"><subfield code="a">78749</subfield><subfield code="c">518.12</subfield></datafield><datafield ind1=" " ind2=" " tag="CAT"><subfield code="a">SYS</subfield><subfield code="c">20170119</subfield><subfield code="h">001508</subfield></datafield></record></collection>